@misc{NmodUD,
	title = {{nmod}},
	year = {2017},
	note = {[Online; accessed 5. Dec. 2018]},
	url = {http://universaldependencies.org/u/dep/nmod.html}
}
@misc{WorksCouncilWiki,
	title = {{Works council - Wikipedia}},
	year = {2018},
	month = {Dec},
	note = {[Online; accessed 5. Dec. 2018]},
	url = {https://en.wikipedia.org/wiki/Works_council}
}
@misc{CcompUD,
	title = {{ccomp}},
	year = {2017},
	note = {[Online; accessed 5. Dec. 2018]},
	url = {http://universaldependencies.org/u/dep/ccomp.html}
}
@misc{MarkUD,
	title = {{mark}},
	year = {2017},
	note = {[Online; accessed 5. Dec. 2018]},
	url = {http://universaldependencies.org/u/dep/mark.html}
}
@misc{AclUD,
	title = {{acl}},
	year = {2017},
	note = {[Online; accessed 5. Dec. 2018]},
	url = {http://universaldependencies.org/u/dep/acl.html}
}
@misc{OblUD,
	title = {{obl}},
	year = {2017},
	note = {[Online; accessed 5. Dec. 2018]},
	url = {http://universaldependencies.org/u/dep/obl.html}
}
@misc{IobjUD,
	title = {{iobj}},
	year = {2017},
	note = {[Online; accessed 5. Dec. 2018]},
	url = {http://universaldependencies.org/u/dep/iobj.html}
}
@BOOK{JurafskyMartin200805, 
  title={Speech and Language Processing, 2nd Edition},
  author={Daniel Jurafsky and James H. Martin},
  publisher={Prentice Hall},
  year={2008},
  month={5},
  edition={2nd},
  isbn={9780131873216},
  url={http://amazon.com/o/ASIN/0131873210/},
  price={$198.00},
  totalpages={1032},
  timestamp={2018.11.26},
}
