@inproceedings{brew2018proceedings,
  title={Proceedings of the First Workshop on Natural Language Processing for Internet Freedom},
  author={Brew, Chris and Feldman, Anna and Leberknight, Chris},
  booktitle={Proceedings of the First Workshop on Natural Language Processing for Internet Freedom},
  year={2018}
}
@inproceedings{knockel2018effect,
  title={The effect of information controls on developers in China: An analysis of censorship in Chinese open source projects},
  author={Knockel, Jeffrey and Crete-Nishihata, Masashi and Ruan, Lotus},
  booktitle={Proceedings of the First Workshop on Natural Language Processing for Internet Freedom},
  pages={1--11},
  year={2018}
}
@inproceedings{ji2018creative,
  title={Creative Language Encoding under Censorship},
  author={Ji, Heng and Knight, Kevin},
  booktitle={Proceedings of the First Workshop on Natural Language Processing for Internet Freedom},
  pages={23--33},
  year={2018}
}
@article{ng2018linguistic,
  title={Linguistic Characteristics of Censorable Language on SinaWeibo},
  author={Ng, Kei Yin and Feldman, Anna and Peng, Jing and Leberknight, Chris},
  journal={arXiv preprint arXiv:1807.03654},
  year={2018}
}
