@MISC{WEBSITE:1,
	HOWPUBLISHED = "\url{http://www.shuang0420.com/2017/03/24/NLP%20%E7%AC%94%E8%AE%B0%20-%20%E5%B9%B3%E6%BB%91%E6%96%B9%E6%B3%95(Smoothing)%E5%B0%8F%E7%BB%93}",
	AUTHOR = "Xu A Heng",
	TITLE = "NLP Bi Ji - Ping Hua Fang Fa (Smoothing) Xiao Jie",
	MONTH = "Mar",
	YEAR = "2017",
	NOTE = "Accessed on 2018-11-16"
}