@inproceedings{brew2018proceedings,
  title={Proceedings of the First Workshop on Natural Language Processing for Internet Freedom},
  author={Brew, Chris and Feldman, Anna and Leberknight, Chris},
  booktitle={Proceedings of the First Workshop on Natural Language Processing for Internet Freedom},
  year={2018}
}
@inproceedings{knockel2011three,
  title={Three Researchers, Five Conjectures: An Empirical Analysis of TOM-Skype Censorship and Surveillance.},
  author={Knockel, Jeffrey and Crandall, Jedidiah R and Saia, Jared},
  booktitle={FOCI},
  year={2011}
}
@inproceedings{knockel2015every,
  title={Every rose has its thorn: Censorship and surveillance on social video platforms in china},
  author={Knockel, Jeffrey and Crete-Nishihata, Masashi and Ng, Jason Q and Senft, Adam and Crandall, Jedidiah R}
}
@book{knockel2017measuring,
  title={Measuring Decentralization of Chinese Keyword Censorship via Mobile Games},
  author={Knockel, Jeffrey and Ruan, Lotus and Crete-Nishihata, Masashi},
  year={2017},
  publisher={Munk School of Global Affairs}
}
@inproceedings{knockel2018effect,
  title={The effect of information controls on developers in China: An analysis of censorship in Chinese open source projects},
  author={Knockel, Jeffrey and Crete-Nishihata, Masashi and Ruan, Lotus},
  booktitle={Proceedings of the First Workshop on Natural Language Processing for Internet Freedom},
  pages={1--11},
  year={2018}
}
@inproceedings{ji2018creative,
  title={Creative Language Encoding under Censorship},
  author={Ji, Heng and Knight, Kevin},
  booktitle={Proceedings of the First Workshop on Natural Language Processing for Internet Freedom},
  pages={23--33},
  year={2018}
}
@article{ng2018linguistic,
  title={Linguistic Characteristics of Censorable Language on SinaWeibo},
  author={Ng, Kei Yin and Feldman, Anna and Peng, Jing and Leberknight, Chris},
  journal={arXiv preprint arXiv:1807.03654},
  year={2018}
}
@article{scholkopf2001estimating,
  title={Estimating the support of a high-dimensional distribution},
  author={Sch{\"o}lkopf, Bernhard and Platt, John C and Shawe-Taylor, John and Smola, Alex J and Williamson, Robert C},
  journal={Neural computation},
  volume={13},
  number={7},
  pages={1443--1471},
  year={2001},
  publisher={MIT Press}
}
@article{pedregosa2011scikit,
  title={Scikit-learn: Machine learning in Python},
  author={Pedregosa, Fabian and Varoquaux, Ga{\"e}l and Gramfort, Alexandre and Michel, Vincent and Thirion, Bertrand and Grisel, Olivier and Blondel, Mathieu and Prettenhofer, Peter and Weiss, Ron and Dubourg, Vincent and others},
  journal={Journal of machine learning research},
  volume={12},
  number={Oct},
  pages={2825--2830},
  year={2011}
}
@article{chang2011libsvm,
  title={LIBSVM: a library for support vector machines},
  author={Chang, Chih-Chung and Lin, Chih-Jen},
  journal={ACM transactions on intelligent systems and technology (TIST)},
  volume={2},
  number={3},
  pages={27},
  year={2011},
  publisher={Acm}
}
@article{wang2012china,
  title={China’s Internet lexicon: Symbolic meaning and commoditization of Grass Mud Horse in the harmonious society},
  author={Wang, Shaojung Sharon},
  journal={First Monday},
  volume={17},
  number={1},
  year={2012}
}
@article{tang2011symbolic,
  title={Symbolic power and the internet: The power of a ‘horse’},
  author={Tang, Lijun and Yang, Peidong},
  journal={Media, Culture \& Society},
  volume={33},
  number={5},
  pages={675--691},
  year={2011},
  publisher={Sage Publications Sage UK: London, England}
}
@article{lewandowsky2012misinformation,
  title={Misinformation and its correction: Continued influence and successful debiasing},
  author={Lewandowsky, Stephan and Ecker, Ullrich KH and Seifert, Colleen M and Schwarz, Norbert and Cook, John},
  journal={Psychological Science in the Public Interest},
  volume={13},
  number={3},
  pages={106--131},
  year={2012},
  publisher={Sage Publications Sage CA: Los Angeles, CA}
}
@article{xu2008thinking,
  title={When Thinking Is Difficult Metacognitive Experiences as Information},
  author={XU, JING},
  journal={Frontiers of Social Psychology},
  pages={201},
  year={2008}
}
@inproceedings{zhang2015context,
  title={Context-aware entity morph decoding},
  author={Zhang, Boliang and Huang, Hongzhao and Pan, Xiaoman and Li, Sujian and Lin, Chin-Yew and Ji, Heng and Knight, Kevin and Wen, Zhen and Sun, Yizhou and Han, Jiawei and others},
  booktitle={Proceedings of the 53rd Annual Meeting of the Association for Computational Linguistics and the 7th International Joint Conference on Natural Language Processing (Volume 1: Long Papers)},
  volume={1},
  pages={586--595},
  year={2015}
}
@inproceedings{zhang2014appropriate,
  title={Be appropriate and funny: Automatic entity morph encoding},
  author={Zhang, Boliang and Huang, Hongzhao and Pan, Xiaoman and Ji, Heng and Knight, Kevin and Wen, Zhen and Sun, Yizhou and Han, Jiawei and Yener, Bulent},
  booktitle={Proceedings of the 52nd Annual Meeting of the Association for Computational Linguistics (Volume 2: Short Papers)},
  volume={2},
  pages={706--711},
  year={2014}
}
@inproceedings{deri2015make,
  title={How to make a Frenemy: Multitape FSTs for portmanteau generation},
  author={Deri, Aliya and Knight, Kevin},
  booktitle={Proceedings of the 2015 Conference of the North American Chapter of the Association for Computational Linguistics: Human Language Technologies},
  pages={206--210},
  year={2015}
}
@inproceedings{shi2014speak,
  title={How to speak a language without knowing it},
  author={Shi, Xing and Knight, Kevin and Ji, Heng},
  booktitle={Proceedings of the 52nd Annual Meeting of the Association for Computational Linguistics (Volume 2: Short Papers)},
  volume={2},
  pages={278--282},
  year={2014}
}
@inproceedings{greene2010automatic,
  title={Automatic analysis of rhythmic poetry with applications to generation and translation},
  author={Greene, Erica and Bodrumlu, Tugba and Knight, Kevin},
  booktitle={Proceedings of the 2010 conference on empirical methods in natural language processing},
  pages={524--533},
  year={2010},
  organization={Association for Computational Linguistics}
}
