@article{xia2000part,
  title={The part-of-speech tagging guidelines for the Penn Chinese Treebank (3.0)},
  author={Xia, Fei},
  journal={IRCS Technical Reports Series},
  pages={38},
  year={2000}
}
@article{王丽杰2009基于,
  title={基于 SVMTool 的中文词性标注},
  author={王丽杰 and 车万翔 and 刘挺},
  journal={中文信息学报},
  volume={23},
  number={4},
  pages={16--22},
  year={2009}
}
@inproceedings{qiu2013fudannlp,
  title={Fudannlp: A toolkit for chinese natural language processing},
  author={Qiu, Xipeng and Zhang, Qi and Huang, Xuanjing},
  booktitle={Proceedings of the 51st Annual Meeting of the Association for Computational Linguistics: System Demonstrations},
  pages={49--54},
  year={2013}
}
@BOOK{JurafskyMartin200805, 
  title={Speech and Language Processing, 2nd Edition},
  author={Daniel Jurafsky and James H. Martin},
  publisher={Prentice Hall},
  year={2008},
  month={5},
  edition={2nd},
  isbn={9780131873216},
  url={http://amazon.com/o/ASIN/0131873210/},
  price={$198.00},
  totalpages={1032},
  timestamp={2018.11.26},
}
