@BOOK{JurafskyMartin200805, 
  title={Speech and Language Processing, 2nd Edition},
  author={Daniel Jurafsky and James H. Martin},
  publisher={Prentice Hall},
  year={2008},
  month={5},
  edition={2nd},
  isbn={9780131873216},
  url={http://amazon.com/o/ASIN/0131873210/},
  price={$198.00},
  totalpages={1032},
  timestamp={2018.11.26},
}
@misc{BibEntry2018Dec,
	title = {{Cohen's kappa - Wikipedia}},
	year = {2018},
	month = {Dec},
	note = {[Online; accessed 13. Dec. 2018]},
	url = {https://en.wikipedia.org/wiki/Cohen%27s_kappa}
}
@misc{BibEntry2018Nov,
	title = {{Fleiss' kappa - Wikipedia}},
	year = {2018},
	month = {Nov},
	note = {[Online; accessed 13. Dec. 2018]},
	url = {https://en.wikipedia.org/wiki/Fleiss%27_kappa}
}
@article{cohen1968weighted,
  title={Weighted kappa: Nominal scale agreement provision for scaled disagreement or partial credit.},
  author={Cohen, Jacob},
  journal={Psychological bulletin},
  volume={70},
  number={4},
  pages={213},
  year={1968},
  publisher={American Psychological Association}
}
